<?xml version="1.0" encoding="UTF-8"?>
<OAI-PMH xmlns="http://www.openarchives.org/OAI/2.0/" xmlns:xsi="http://www.w3.org/2001/XMLSchema-instance" xsi:schemaLocation="http://www.openarchives.org/OAI/2.0/ http://www.openarchives.org/OAI/2.0/OAI-PMH.xsd">
  <ListRecords>
    <record>
      <header>
        <identifier>aleph-publish:000944420</identifier>
      </header>
      <metadata>
        <record xmlns="http://www.ddb.de/professionell/mabxml/mabxml-1.xsd">
          <leader>00750pM2.01200024------h</leader>
          <controlfield tag="LDR">00750pM2.01200024------h</controlfield>
          <controlfield tag="FMT">MH</controlfield>
          <datafield tag="001" ind1="-" ind2="1">
            <subfield code="a">HT014847899</subfield>
          </datafield>
          <datafield tag="002" ind1="a" ind2="1">
            <subfield code="a">20060915</subfield>
          </datafield>
          <datafield tag="003" ind1="-" ind2="1">
            <subfield code="a">20111206</subfield>
          </datafield>
          <datafield tag="026" ind1="-" ind2="1">
            <subfield code="a">HBZHT014847899</subfield>
          </datafield>
          <controlfield tag="030">a|1da||z|||17</controlfield>
          <datafield tag="036" ind1="a" ind2="1">
            <subfield code="a">DE</subfield>
          </datafield>
          <datafield tag="037" ind1="b" ind2="1">
            <subfield code="a">ger</subfield>
          </datafield>
          <controlfield tag="050">a|a|||||||||||</controlfield>
          <controlfield tag="051">s|||z|||</controlfield>
          <datafield tag="070" ind1="-" ind2="1">
            <subfield code="a">466</subfield>
          </datafield>
          <datafield tag="070" ind1="b" ind2="1">
            <subfield code="a">468</subfield>
          </datafield>
          <datafield tag="080" ind1="-" ind2="1">
            <subfield code="a">60</subfield>
          </datafield>
          <datafield tag="100" ind1="-" ind2="1">
            <subfield code="p">Brandl, Sebastian</subfield>
            <subfield code="d">1963-</subfield>
            <subfield code="9">(DE-588)121277984</subfield>
          </datafield>
          <datafield tag="331" ind1="-" ind2="1">
            <subfield code="a">"Deutsches Modell" oder globalisiertes Arrangement?</subfield>
          </datafield>
          <datafield tag="335" ind1="-" ind2="1">
            <subfield code="a">Transformation industrieller Beziehungen und soziale Nachhaltigkeit</subfield>
          </datafield>
          <datafield tag="359" ind1="-" ind2="1">
            <subfield code="a">Sebastian Brandl</subfield>
          </datafield>
          <datafield tag="410" ind1="-" ind2="1">
            <subfield code="a">Berlin</subfield>
          </datafield>
          <datafield tag="412" ind1="-" ind2="1">
            <subfield code="a">Ed. Sigma</subfield>
          </datafield>
          <datafield tag="425" ind1="a" ind2="1">
            <subfield code="a">2006</subfield>
          </datafield>
          <datafield tag="433" ind1="-" ind2="1">
            <subfield code="a">291 S.</subfield>
          </datafield>
          <datafield tag="451" ind1="-" ind2="1">
            <subfield code="a">Forschung aus der Hans-Böckler-Stiftung ; 77</subfield>
          </datafield>
          <datafield tag="453" ind1="-" ind2="1">
            <subfield code="a">HT007831798</subfield>
          </datafield>
          <datafield tag="455" ind1="-" ind2="1">
            <subfield code="a">77</subfield>
          </datafield>
          <datafield tag="456" ind1="-" ind2="1">
            <subfield code="a">77</subfield>
          </datafield>
          <datafield tag="540" ind1="a" ind2="1">
            <subfield code="a">978-3-8360-8677-6</subfield>
          </datafield>
          <datafield tag="540" ind1="a" ind2="1">
            <subfield code="a">3-8360-8677-8</subfield>
          </datafield>
          <datafield tag="902" ind1="-" ind2="1">
            <subfield code="s">Arbeitsbeziehungen</subfield>
            <subfield code="9">(DE-588)4002617-6</subfield>
          </datafield>
          <datafield tag="902" ind1="-" ind2="1">
            <subfield code="s">Strukturwandel</subfield>
            <subfield code="9">(DE-588)4058136-6</subfield>
          </datafield>
          <datafield tag="902" ind1="-" ind2="1">
            <subfield code="s">Nachhaltigkeit</subfield>
            <subfield code="9">(DE-588)4326464-5</subfield>
          </datafield>
          <datafield tag="903" ind1="-" ind2="1">
            <subfield code="a">213</subfield>
            <subfield code="a">321</subfield>
          </datafield>
          <controlfield tag="SYS">000944420</controlfield>
          <datafield tag="PSW" ind1="-" ind2="1">
            <subfield code="s">Arbeitgeber</subfield>
            <subfield code="x">Arbeitnehmer</subfield>
            <subfield code="9">(DE-588)4002617-6</subfield>
          </datafield>
          <datafield tag="PSW" ind1="-" ind2="1">
            <subfield code="s">Arbeitgeber-Arbeitnehmer-Beziehungen</subfield>
            <subfield code="9">(DE-588)4002617-6</subfield>
          </datafield>
          <datafield tag="PSW" ind1="-" ind2="1">
            <subfield code="s">Arbeitnehmer</subfield>
            <subfield code="x">Arbeitgeber</subfield>
            <subfield code="9">(DE-588)4002617-6</subfield>
          </datafield>
          <datafield tag="PSW" ind1="-" ind2="1">
            <subfield code="s">Arbeitnehmer-Arbeitgeber-Beziehungen</subfield>
            <subfield code="9">(DE-588)4002617-6</subfield>
          </datafield>
          <datafield tag="PSW" ind1="-" ind2="1">
            <subfield code="s">Industrial relations</subfield>
            <subfield code="9">(DE-588)4002617-6</subfield>
          </datafield>
          <datafield tag="PSW" ind1="-" ind2="1">
            <subfield code="s">Industrielle Beziehungen</subfield>
            <subfield code="9">(DE-588)4002617-6</subfield>
          </datafield>
          <datafield tag="PSW" ind1="-" ind2="1">
            <subfield code="s">Strukturänderung</subfield>
            <subfield code="9">(DE-588)4058136-6</subfield>
          </datafield>
          <datafield tag="PSW" ind1="-" ind2="1">
            <subfield code="s">Wirtschaftsstruktur</subfield>
            <subfield code="x">Strukturwandel</subfield>
            <subfield code="9">(DE-588)4058136-6</subfield>
          </datafield>
          <datafield tag="PSW" ind1="-" ind2="1">
            <subfield code="s">Struktureller Wandel</subfield>
            <subfield code="9">(DE-588)4058136-6</subfield>
          </datafield>
          <datafield tag="PSW" ind1="-" ind2="1">
            <subfield code="s">Nachhaltige Entwicklung</subfield>
            <subfield code="9">(DE-588)4326464-5</subfield>
          </datafield>
          <datafield tag="PSW" ind1="-" ind2="1">
            <subfield code="s">Langfristige Entwicklung</subfield>
            <subfield code="9">(DE-588)4326464-5</subfield>
          </datafield>
          <datafield tag="PSW" ind1="-" ind2="1">
            <subfield code="s">Sustainable Development</subfield>
            <subfield code="9">(DE-588)4326464-5</subfield>
          </datafield>
          <datafield tag="PSW" ind1="-" ind2="1">
            <subfield code="s">Dauerhafte Entwicklung</subfield>
            <subfield code="9">(DE-588)4326464-5</subfield>
          </datafield>
          <datafield tag="PSW" ind1="-" ind2="1">
            <subfield code="s">Zukunftsfähige Entwicklung</subfield>
            <subfield code="9">(DE-588)4326464-5</subfield>
          </datafield>
          <datafield tag="PSW" ind1="-" ind2="1">
            <subfield code="s">Strukturänderung</subfield>
            <subfield code="9">(DE-588)4058136-6</subfield>
          </datafield>
          <datafield tag="PSW" ind1="-" ind2="1">
            <subfield code="s">Wirtschaftsstruktur</subfield>
            <subfield code="x">Strukturwandel</subfield>
            <subfield code="9">(DE-588)4058136-6</subfield>
          </datafield>
          <datafield tag="PSW" ind1="-" ind2="1">
            <subfield code="s">Struktureller Wandel</subfield>
            <subfield code="9">(DE-588)4058136-6</subfield>
          </datafield>
          <datafield tag="PSW" ind1="-" ind2="1">
            <subfield code="s">Arbeitgeber</subfield>
            <subfield code="x">Arbeitnehmer</subfield>
            <subfield code="9">(DE-588)4002617-6</subfield>
          </datafield>
          <datafield tag="PSW" ind1="-" ind2="1">
            <subfield code="s">Arbeitgeber-Arbeitnehmer-Beziehungen</subfield>
            <subfield code="9">(DE-588)4002617-6</subfield>
          </datafield>
          <datafield tag="PSW" ind1="-" ind2="1">
            <subfield code="s">Arbeitnehmer</subfield>
            <subfield code="x">Arbeitgeber</subfield>
            <subfield code="9">(DE-588)4002617-6</subfield>
          </datafield>
          <datafield tag="PSW" ind1="-" ind2="1">
            <subfield code="s">Arbeitnehmer-Arbeitgeber-Beziehungen</subfield>
            <subfield code="9">(DE-588)4002617-6</subfield>
          </datafield>
          <datafield tag="PSW" ind1="-" ind2="1">
            <subfield code="s">Industrial relations</subfield>
            <subfield code="9">(DE-588)4002617-6</subfield>
          </datafield>
          <datafield tag="PSW" ind1="-" ind2="1">
            <subfield code="s">Industrielle Beziehungen</subfield>
            <subfield code="9">(DE-588)4002617-6</subfield>
          </datafield>
          <datafield tag="PSW" ind1="-" ind2="1">
            <subfield code="s">Strukturänderung</subfield>
            <subfield code="9">(DE-588)4058136-6</subfield>
          </datafield>
          <datafield tag="PSW" ind1="-" ind2="1">
            <subfield code="s">Wirtschaftsstruktur</subfield>
            <subfield code="x">Strukturwandel</subfield>
            <subfield code="9">(DE-588)4058136-6</subfield>
          </datafield>
          <datafield tag="PSW" ind1="-" ind2="1">
            <subfield code="s">Struktureller Wandel</subfield>
            <subfield code="9">(DE-588)4058136-6</subfield>
          </datafield>
          <datafield tag="PSW" ind1="-" ind2="1">
            <subfield code="s">Arbeitgeber</subfield>
            <subfield code="x">Arbeitnehmer</subfield>
            <subfield code="9">(DE-588)4002617-6</subfield>
          </datafield>
          <datafield tag="PSW" ind1="-" ind2="1">
            <subfield code="s">Arbeitgeber-Arbeitnehmer-Beziehungen</subfield>
            <subfield code="9">(DE-588)4002617-6</subfield>
          </datafield>
          <datafield tag="PSW" ind1="-" ind2="1">
            <subfield code="s">Arbeitnehmer</subfield>
            <subfield code="x">Arbeitgeber</subfield>
            <subfield code="9">(DE-588)4002617-6</subfield>
          </datafield>
          <datafield tag="PSW" ind1="-" ind2="1">
            <subfield code="s">Arbeitnehmer-Arbeitgeber-Beziehungen</subfield>
            <subfield code="9">(DE-588)4002617-6</subfield>
          </datafield>
          <datafield tag="PSW" ind1="-" ind2="1">
            <subfield code="s">Industrial relations</subfield>
            <subfield code="9">(DE-588)4002617-6</subfield>
          </datafield>
          <datafield tag="PSW" ind1="-" ind2="1">
            <subfield code="s">Industrielle Beziehungen</subfield>
            <subfield code="9">(DE-588)4002617-6</subfield>
          </datafield>
          <datafield tag="PSW" ind1="-" ind2="1">
            <subfield code="s">Nachhaltige Entwicklung</subfield>
            <subfield code="9">(DE-588)4326464-5</subfield>
          </datafield>
          <datafield tag="PSW" ind1="-" ind2="1">
            <subfield code="s">Langfristige Entwicklung</subfield>
            <subfield code="9">(DE-588)4326464-5</subfield>
          </datafield>
          <datafield tag="PSW" ind1="-" ind2="1">
            <subfield code="s">Sustainable Development</subfield>
            <subfield code="9">(DE-588)4326464-5</subfield>
          </datafield>
          <datafield tag="PSW" ind1="-" ind2="1">
            <subfield code="s">Dauerhafte Entwicklung</subfield>
            <subfield code="9">(DE-588)4326464-5</subfield>
          </datafield>
          <datafield tag="PSW" ind1="-" ind2="1">
            <subfield code="s">Zukunftsfähige Entwicklung</subfield>
            <subfield code="9">(DE-588)4326464-5</subfield>
          </datafield>
          <datafield tag="PSW" ind1="-" ind2="1">
            <subfield code="s">Nachhaltige Entwicklung</subfield>
            <subfield code="9">(DE-588)4326464-5</subfield>
          </datafield>
          <datafield tag="PSW" ind1="-" ind2="1">
            <subfield code="s">Langfristige Entwicklung</subfield>
            <subfield code="9">(DE-588)4326464-5</subfield>
          </datafield>
          <datafield tag="PSW" ind1="-" ind2="1">
            <subfield code="s">Sustainable Development</subfield>
            <subfield code="9">(DE-588)4326464-5</subfield>
          </datafield>
          <datafield tag="PSW" ind1="-" ind2="1">
            <subfield code="s">Dauerhafte Entwicklung</subfield>
            <subfield code="9">(DE-588)4326464-5</subfield>
          </datafield>
          <datafield tag="PSW" ind1="-" ind2="1">
            <subfield code="s">Zukunftsfähige Entwicklung</subfield>
            <subfield code="9">(DE-588)4326464-5</subfield>
          </datafield>
          <datafield tag="700" ind1=" " ind2=" ">
            <subfield code="a">OKV</subfield>
          </datafield>
          <datafield tag="OWN" ind1=" " ind2=" ">
            <subfield code="a">P0001</subfield>
            <subfield code="n">466 - Paderborn: UB</subfield>
          </datafield>
          <datafield tag="655" ind1=" " ind2=" ">
            <subfield code="y">"Deutsches Modell" oder globalisiertes Arrangement?</subfield>
            <subfield code="t">VIEW</subfield>
            <subfield code="u">http://digitool.hbz-nrw.de:1801/webclient/DeliveryManager?application=DIGITOOL-3&amp;owner=resourcediscovery&amp;custom_att_2=simple_viewer&amp;user=GUEST&amp;pid=1903450</subfield>
          </datafield>
          <datafield tag="TXT" ind1=" " ind2=" ">
            <subfield code="a">OCR-TEXT: INHALT VORWORT 9 1. PROBLEMSTELLUNG 11 1.1 DIE BESTEHENDE INSTITUTIONENORDNUNG IN DER KRITIK 11 1.2 FORSCHUNGSDESIGN ] 2 1.3 UEBERBLICK 14 2. POLITIK DER NACHHALTIGKEIT 17 2.1 INSTITUTIONELLE NACHHALTIGKEIT ALS VIERTE DIMENSION IM MEHRSAEULENMODELL 17 2.2 GRUNDLINIEN EINER POLITIK DER NACHHALTIGKEIT 19 2.2.1 BETEILIGUNG UND DIALOG 21 2.2.2 NACHHALTIGKEIT ALS SUCHPROZESS 22 2.2.3 GLOBAL GOVERNANCE UND NACHHALTIGE ENTWICKLUNG 24 2.2.4 EINBINDUNG VON NACHHALTIGKEITSINTERESSEN UEBER NGOS 25 2.2.5 NACHHALTIGKEIT DURCH FREIWILLIGE, DIALOGISCH-KOOPERATIVE POLITIKPROZESSE? 26 2.3 FAZIT: NEUE INSTITUTIONELLE ANSAETZE FUER EINE NACHHALTIGE ENTWICKLUNG 27 3. NACHHALTIGKEIT UND DAS DEUTSCHE SYSTEM INDUSTRIELLER BEZIEHUNGEN 31 3.1 DIE INSTITUTIONENLANDSCHAFT DES FORDISMUS VOR NEUEN HERAUSFORDERUNGEN 31 3.2 ARBEIT UND NACHHALTIGKEIT 34 3.2.1 KONZEPTUALISIERUNGEN DER ZENTRALITAET VON ARBEIT 35 3.2.2 ARBEIT UND NACHHALTIGKEIT IM POLITISCHEN DISKURS 39 3.2.3 EMPIRISCHE ASPEKTE 43 3.2.4 EIN SUBSTANZIELLES ANFORDERUNGSPROFIL SOZIALER NACHHALTIGKEIT 44 3.3 SKIZZE DES SPEZIFISCH DEUTSCHEN SYSTEMS INDUSTRIELLER BEZIEHUNGEN 46 4. EROSION DER VERBAENDEMACHT-CHANCE FUER NACHHALTIGKEIT? 55 4.1 URSACHEN DES TRANSFORMATIONSPROZESSES 55 4.2 FUNKTIONSWANDEL DES DUALEN SYSTEMS 60 4.2.1 TARIFVERTRAEGE: VON OBLIGATORISCHEN MINDESTNORMEN ZU ORIENTIERUNGSMARKEN 60 4.2.2 DEZENTRALISIERUNG UND VERBETRIEBLICHUNG 66 5 4.2.3 BETRIEBLICHE BUENDNISSE FUER ARBEIT 74 4.2.4 BESCHAEFTIGUNGSSICHERUNG 79 4.3 STAATLICHE UND SUPRASTAATLICHE INTERVENTIONEN 83 4.3.1 REFORM DES BETRIEBSVERFASSUNGSGESETZES 83 4.3.2 FRAUENFOERDERUNG/VEREINBARKEIT VON FAMILIE UND BERUF 87 4.3.3 TARIFLICHE ALTERSSICHERUNG 90 4.3.4 EUROPAEISIERUNG INDUSTRIELLER BEZIEHUNGEN 91 4.4 SELBSTERNEUERUNGSPROZESSE 105 4.4.1 AKTEURIELLE EROSIONSPROZESSE 105 4.4.2 BUENDNIS FUER ARBEIT: GESCHEITERT, ABER NICHT FOLGENLOS 113 4.4.3 QUALIFIZIERUNG UND INVESTIVE ARBEITSZEITPOLITIK 118 4.4.4 MODERNISIERUNG DER TARIFVERTRAEGE 121</subfield>
          </datafield>
          <datafield tag="TXT" ind1=" " ind2=" ">
            <subfield code="a">4.4.5 AUTONOME SELBSTREGULIERUNG IN EUROPA 124 4.5 ZUSAMMENFASSUNG 127 5. NEUE STEUERUNGSANSAETZE: CORPORATE SOCIAL RESPONSIBILITY 135 5.1 HINTERGRUND: SCHEITERN DER SOZIALKLAUSELFORDERUNG UND ETABLIERUNG DER KERNARBEITSNORMEN 135 5.2 INITIATIVEN ZUR ETABLIERUNG VON CSR 139 5.3 CSR-INSTRUMENTE 142 5.3.1 OEFFENTLICHE RAHMENWERKE (INTERGOVERNMENTAL CODES) 143 5.3.2 UNILATERALE VERHALTENSKODIZES (COMPANY CODES/PRIVATE KODIZES) 151 5.3.3 MULTILATERALE INITIATIVEN (MULTI-STAKEHOLDER INITIATIVES) 156 5.4 ZWISCHENFAZIT 180 5.5 GEWERKSCHAFTLICHE RE-REGULIERUNGSANSAETZE 186 5.5.1 FAKTOREN DER VERAENDERUNG 187 5.5.2 AKTEURSBILDUNG: GLOBAL UNION FEDERATIONS 190 5.5.3 HOHE DYNAMIK BEI INTERNATIONALEN RAHMENVEREINBARUNGEN 192 5.5.4 KONTROVERSEN UM ERSTE „WELTBETRIEBSRAETE" 195 5.5.5 GEWERKSCHAFTLICHE NETZWERKE 200 5.5.6 CHANCEN UND RISIKEN 202 5.6 AUF DEM WEG ZU GLOBALEN INDUSTRIELLEN BEZIEHUNGEN? 204 6 6. ZUKUNFTSOPTIONEN 209 6.1 OPTIMISTISCHE ZUKUNFTSSICHTEN 211 6.1.1 „VERBETRIEBSRAETLICHUNG" UND ERWEITERUNGEN DES ARENENMODELLS 211 6.1.2 FLEXIBLE PFADABHAENGIGKEITEN 212 6.1.3 NEUJUSTIERUNG KOLLEKTIVER VERHANDLUNGEN IN EINEM MEHRSTUFENMODELL 214 6.1.4 EUROPAEISCHE LERNPROZESSE 216 6.2 PESSIMISTISCHE PERZEPTIONEN 218 6.2.1 GLEICHZEITIGKEIT VON STABILITAET UND UMBRUCH 218 6.2.2 SEGMENTIERUNG, EINKAPSELUNG, AMERIKANISIERUNG 219 6.2.3 EUROPA ALS LIBERALISIERUNGSGEMEINSCHAFT 221 6.2.4 PRIVATISIERUNG DER VERBAENDE 222 6.2.5 BERUFSSTAENDISCHE INTERESSENVERTRETUNG 223 6.3 ALTERNATIVE VARIANTEN/NEUE FORMEN DER INTERESSENVERTRETUNG 225 6.3.1 INTERESSENVERTRETUNG ENTLANG VON WERTSCHOEPFUNGSKETTEN 225 6.3.2 ENTKORPORATISIERUNG: GEWERKSCHAFTEN ALS SOZIALE BEWEGUNG 227 6.3.3 VERNETZUNG VON CORPORATE SOCIAL RESPONSIBILITY UND SOZIALEM DIALOG 229 6.4 FAZIT 230 7. SCHLUSSFOLGERUNGEN 233 7.1 EROSION DER VERBAENDEORDNUNG - BEDINGTE CHANCE FUER NACHHALTIGKEIT! 233 7.2 SCHLUSSFOLGERUNGEN ZU EINER POLITIK NACHHALTIGER ENTWICKLUNG 242 7.3 HANDLUNGSEMPFEHLUNGEN 247</subfield>
          </datafield>
          <datafield tag="TXT" ind1=" " ind2=" ">
            <subfield code="a">7.4 WEITERFUEHRENDE UEBERLEGUNGEN 255 LITERATUR 259 ABKUERZUNGSVERZEICHNIS 289 VERZEICHNIS DER SCHAUBILDER UND TABELLEN 291 7</subfield>
          </datafield>
          <datafield tag="PLK" ind1=" " ind2=" ">
            <subfield code="a">SRU</subfield>
            <subfield code="l">PAD01</subfield>
            <subfield code="b">000754355</subfield>
            <subfield code="m">77.^"Deutsches Modell" oder globalisiertes Arrangement?.^2006</subfield>
            <subfield code="n">Forschung aus der Hans-Böckler-Stiftung.^1997</subfield>
          </datafield>
          <datafield tag="LOC" ind1=" " ind2=" ">
            <subfield code="m">BOOK</subfield>
            <subfield code="a">P0001</subfield>
            <subfield code="b">31</subfield>
            <subfield code="d">OKV2637</subfield>
            <subfield code="i">06/12194</subfield>
            <subfield code="n">20</subfield>
            <subfield code="k">20061120</subfield>
            <subfield code="5">958718-10</subfield>
          </datafield>
        </record>
      </metadata>
    </record>
  </ListRecords>
</OAI-PMH>
